<?xml version="1.0" encoding="UTF-8"?>
<record xmlns="http://www.loc.gov/MARC21/slim" xmlns:xsi="http://www.w3.org/2001/XMLSchema-instance" xsi:schemaLocation="http://www.loc.gov/MARC21/slim http://www.loc.gov/standards/marcxml/schema/MARC21slim.xsd">
<leader>     cam a2200253 a 4500</leader>
<controlfield tag="001">001682248</controlfield>
<controlfield tag="003">NNU</controlfield>
<controlfield tag="005">20001219000344.0</controlfield>
<controlfield tag="008">910530s1966    iq c          000 0 araod</controlfield>
<datafield tag="010" ind1=" " ind2=" ">
<subfield code="a">ne 67001901</subfield>
</datafield>
<datafield tag="035" ind1="9" ind2=" ">
<subfield code="a">NYUb12225658</subfield>
</datafield>
<datafield tag="035" ind1=" " ind2=" ">
<subfield code="a">(CStRLIN)MIUG91-B14600</subfield>
</datafield>
<datafield tag="040" ind1=" " ind2=" ">
<subfield code="a">PU</subfield>
<subfield code="c">PSt</subfield>
<subfield code="d">MiU</subfield>
</datafield>
<datafield tag="050" ind1="0" ind2="0">
<subfield code="a">Z7052</subfield>
<subfield code="b">.H5</subfield>
</datafield>
<datafield tag="100" ind1="1" ind2=" ">
<subfield code="a">Hilālī, ʻAbd al-Razzāq.</subfield>
</datafield>
<datafield tag="245" ind1="1" ind2="0">
<subfield code="a">Udabāʹ al-muʹtamar /</subfield>
<subfield code="c">jamaʻa mawādd al-Kitāb wa-rasaqa maʻlūmātih ʻAbd al-Razzāq al-Hilālī.</subfield>
</datafield>
<datafield tag="260" ind1=" " ind2=" ">
<subfield code="a">Baghdād :</subfield>
<subfield code="b">wizārat al-Thaqāfah wa-al-Irshād,</subfield>
<subfield code="c">1966.</subfield>
</datafield>
<datafield tag="300" ind1=" " ind2=" ">
<subfield code="a">206 p.</subfield>
<subfield code="b">ports.</subfield>
<subfield code="c">24 cm.</subfield>
</datafield>
<datafield tag="500" ind1=" " ind2=" ">
<subfield code="a">In Arabic.</subfield>
</datafield>
<datafield tag="650" ind1=" " ind2="0">
<subfield code="a">Authors, Arab.</subfield>
</datafield>
<datafield tag="650" ind1=" " ind2="0">
<subfield code="a">Arabic literature</subfield>
<subfield code="v">Bio-bibliography.</subfield>
</datafield>
<datafield tag="810" ind1="1" ind2=" ">
<subfield code="a">Iraq.</subfield>
<subfield code="b">Wizārat al-Thaqāfah wa-al-Irshād.</subfield>
<subfield code="t">Silsilat al-kutub al-ḥadīthah ;</subfield>
<subfield code="v">12.</subfield>
</datafield>
<datafield tag="OWN" ind1=" " ind2=" ">
<subfield code="a">GENERAL</subfield>
</datafield>
<datafield tag="950" ind1=" " ind2=" ">
<subfield code="l">BMAIN</subfield>
<subfield code="a">Z7052</subfield>
<subfield code="b">.H5</subfield>
</datafield>
<datafield tag="955" ind1=" " ind2=" ">
<subfield code="l">BMAIN</subfield>
<subfield code="c">1</subfield>
<subfield code="r">029139774</subfield>
</datafield>
<datafield tag="998" ind1=" " ind2=" ">
<subfield code="s">9115</subfield>
</datafield>
<datafield tag="AVA" ind1=" " ind2=" ">
<subfield code="a">NYU50</subfield>
<subfield code="b">BOBST</subfield>
<subfield code="c">Main Collection</subfield>
<subfield code="d">Z7052 .H5</subfield>
<subfield code="e">unavailable</subfield>
<subfield code="t">Unavailable</subfield>
<subfield code="f">1</subfield>
<subfield code="g">1</subfield>
<subfield code="h">N</subfield>
<subfield code="i">0</subfield>
<subfield code="j">MAIN</subfield>
<subfield code="k">0</subfield>
</datafield>
</record>
